<record><leader>00000cas a2200000 a 4500</leader><controlfield tag="001">11426349</controlfield><controlfield tag="008">841127d18441844pauwr ne      0    0eng d</controlfield><datafield ind1=" " ind2=" " tag="010"><subfield code="a">sn 84035956 </subfield></datafield><datafield ind1=" " ind2=" " tag="040"><subfield code="a">NYG</subfield><subfield code="b">eng</subfield><subfield code="c">NYG</subfield><subfield code="d">NPH</subfield><subfield code="d">NPX</subfield><subfield code="d">NJW</subfield><subfield code="d">MFN</subfield><subfield code="d">KNP</subfield><subfield code="d">CNK</subfield><subfield code="d">MQN</subfield><subfield code="d">OCL</subfield><subfield code="d">OCLCF</subfield><subfield code="d">OCLCO</subfield></datafield><datafield ind1=" " ind2=" " tag="042"><subfield code="a">msc</subfield></datafield><datafield ind1="0" ind2="4" tag="245"><subfield code="a">The Old warrior and "that same old coon."</subfield></datafield><datafield ind1="0" ind2="0" tag="246"><subfield code="a">That same old coon</subfield></datafield><datafield ind1="0" ind2="3" tag="246"><subfield code="a">Old warrior</subfield></datafield><datafield ind1=" " ind2=" " tag="260"><subfield code="a">Harrisburg [Pa. :</subfield><subfield code="b">Theophilus Fenn],</subfield><subfield code="c">1844.</subfield></datafield><datafield ind1=" " ind2=" " tag="300"><subfield code="a">v.</subfield></datafield><datafield ind1=" " ind2=" " tag="310"><subfield code="a">Weekly</subfield></datafield><datafield ind1="0" ind2=" " tag="362"><subfield code="a">Vol. 1, no. 3 (Mar. 9, 1844)-v. 1, no. 37 (Oct. 26, 1844).</subfield></datafield><datafield ind1=" " ind2=" " tag="500"><subfield code="a">Whig campaign paper supporting Henry Clay for president.</subfield></datafield><datafield ind1=" " ind2=" " tag="530"><subfield code="a">Available on microfilm from Microfilm Corp. of Pa.</subfield></datafield><datafield ind1=" " ind2=" " tag="580"><subfield code="a">Campaign ed. of: Pennsylvania telegraph (Harrisburg, Pa. : 1840).</subfield></datafield><datafield ind1=" " ind2="0" tag="651"><subfield code="a">Harrisburg (Pa.)</subfield><subfield code="v">Newspapers.</subfield></datafield><datafield ind1=" " ind2="7" tag="655"><subfield code="a">Newspapers.</subfield><subfield code="2">fast</subfield><subfield code="0">(OCoLC)fst01423814</subfield></datafield><datafield ind1=" " ind2="7" tag="651"><subfield code="a">Pennsylvania</subfield><subfield code="z">Harrisburg.</subfield><subfield code="2">fast</subfield><subfield code="0">(OCoLC)fst01204725</subfield></datafield><datafield ind1=" " ind2=" " tag="752"><subfield code="a">United States</subfield><subfield code="b">Pennsylvania</subfield><subfield code="c">Dauphin</subfield><subfield code="d">Harrisburg.</subfield></datafield><datafield ind1="1" ind2=" " tag="775"><subfield code="t">Pennsylvania telegraph (Harrisburg, Pa. : 1840)</subfield><subfield code="w">(DLC)sn 84035974</subfield></datafield><datafield ind1="0" ind2="4" tag="780"><subfield code="t">That same old coon (Washington, Pa.)</subfield><subfield code="w">(DLC)sn 91061025</subfield></datafield><datafield ind1="0" ind2="4" tag="780"><subfield code="t">Old warrior</subfield><subfield code="w">(DLC)sn 84035957</subfield></datafield></record>